<?xml version="1.0" encoding="UTF-8"?><collection xmlns="http://www.loc.gov/MARC21/slim"><record><leader>00672nam--2200217-u-4500</leader><controlfield tag="001">000050747</controlfield><controlfield tag="002">20161230</controlfield><controlfield tag="005">20161230201048</controlfield><controlfield tag="008">080331s1000------------r-----000-0-eng-d</controlfield><datafield ind1=" " ind2=" " tag="020"><subfield code="a">0-8155-1445-X</subfield></datafield><datafield ind1=" " ind2=" " tag="040"><subfield code="a">IFIN-HH</subfield></datafield><datafield ind1=" " ind2=" " tag="080"><subfield code="a">548.2:542.93</subfield></datafield><datafield ind1="1" ind2=" " tag="100"><subfield code="a">Byrappa, K</subfield></datafield><datafield ind1="1" ind2="0" tag="245"><subfield code="a">Handbook of Hydrothermal Technology</subfield><subfield code="b">A Technology for Crystal Growths and Materials Processing</subfield><subfield code="c">K. Byrappa; Masahiro Yoshimura</subfield></datafield><datafield ind1=" " ind2=" " tag="260"><subfield code="a">Norwich</subfield><subfield code="b">William Andrew Publishing,LLC</subfield><subfield code="c">2001</subfield></datafield><datafield ind1=" " ind2=" " tag="300"><subfield code="a">870 p</subfield></datafield><datafield ind1=" " ind2=" " tag="502"><subfield code="a">Includes Bibliographical References and Index</subfield></datafield><datafield ind1=" " ind2="4" tag="650"><subfield code="a">Crystalization</subfield></datafield><datafield ind1="1" ind2=" " tag="700"><subfield code="a">Yoshimura, Masahiro</subfield></datafield><datafield ind1=" " ind2=" " tag="852"><subfield code="c">548</subfield></datafield><datafield ind1=" " ind2=" " tag="CAT"><subfield code="a">Sys</subfield><subfield code="c">20110407</subfield><subfield code="h">141456</subfield></datafield></record></collection>